@article{semenov2003paradox,
  author  = {Семёнов, Владимир},
  title   = {Парадокс дней рождения и коллизии},
  journal = {Парадоксы теории вероятностей},
  year    = 2003,
  volume  = 6,
  pages   = {75-83},
}

@book{petrov1999stat,
  author    = {Петров, Алексей and Сидоров, Василий},
  title     = {Статистические исследования онлайн-игр},
  location  = {М.},
  publisher = {Наука},
  year      = 1997,
}
