@inproceedings{streiter1999learning,
    author = {Streiter, O. and Iomdin, L. and Hong, M. and Hauck, U.},
    title = {Learning, Forgetting and Remembering: Statistical Support for Rule-Based {MT}},
    booktitle = {Proceedings of the 8th {I}nternational {C}onference on {T}heoretical and
                 {M}ethodological {I}ssues in {M}achine {T}ranslation {TMI}99},
    month = 8,
    year = 1999,
    pages = {44-55},
}

@inproceedings{zarqawi2005synth,
    author = {Zarqawi, M.},
    title = {Synthesizing checksums and lambda calculus using {J}og},
    booktitle = {6th {A}nnual {N}orth {A}merican {S}ymposium on {M}ethodologies, {T}heory, and {I}nformation, {WMSI}-2005},
    location = {Orlando},
    month = 7,
    year = 2005,
}

@inproceedings{bose1999deconstr,
    author = {Bose, T.},
    title = {Deconstructing public-private key pair with {D}ewy{P}roser},
    booktitle = {Proceedings of the {W}orkshop on {A}tomic and {P}ermutable {M}ethodologies},
    month = 9,
    year = 1999,
}

@inproceedings{gulan2005io,
    author = {GÃ¼lan, G.},
    title = {I/O automata no longer considered harmful},
    booktitle = {Proc. 3rd {I}nt. {S}ymp. of {I}nteractive {M}edia {D}esign},
    year = 2005,
    pages = {103-107},
}
